<?xml version="1.0" encoding="UTF-8"?><collection xmlns="http://www.loc.gov/MARC21/slim"><record><leader>00456nam--2200169-i-4500</leader><controlfield tag="001">000039339</controlfield><controlfield tag="002">20161230</controlfield><controlfield tag="005">20161230201042</controlfield><controlfield tag="008">060222s1000------------r-----000-0-fre-d</controlfield><datafield ind1=" " ind2=" " tag="040"><subfield code="a">IFIN-HH</subfield></datafield><datafield ind1=" " ind2=" " tag="041"><subfield code="a">fre</subfield></datafield><datafield ind1="1" ind2=" " tag="100"><subfield code="a">Prandtl, Ludwig</subfield></datafield><datafield ind1="1" ind2="0" tag="245"><subfield code="a">Guide a travers la mecanique des fluides</subfield><subfield code="b">Traduit d'apres la troisieme edition allemande</subfield></datafield><datafield ind1=" " ind2=" " tag="260"><subfield code="a">Paris, Dunod, 1952,</subfield></datafield><datafield ind1=" " ind2=" " tag="300"><subfield code="a">XV+ 448P</subfield></datafield><datafield ind1=" " ind2=" " tag="852"><subfield code="a">14472</subfield><subfield code="c">532</subfield></datafield><datafield ind1=" " ind2=" " tag="CAT"><subfield code="a">Sys</subfield><subfield code="c">20100713</subfield><subfield code="h">100726</subfield></datafield></record></collection>